<?xml version="1.0" encoding="UTF-8"?>
<record xmlns="http://www.loc.gov/MARC21/slim">
   <leader>01775cam a2200457 a 4500</leader>
   <controlfield tag="001">2107230</controlfield>
   <controlfield tag="008">930805s1993    abc           0   0 eng d</controlfield>
   <datafield tag="020" ind1=" " ind2=" ">
      <subfield code="a">0773211381</subfield>
   </datafield>
   <datafield tag="035" ind1=" " ind2=" ">
      <subfield code="a">ocm31127096</subfield>
   </datafield>
   <datafield tag="040" ind1=" " ind2=" ">
      <subfield code="b">eng</subfield>
   </datafield>
   <datafield tag="043" ind1=" " ind2=" ">
      <subfield code="a">n-cn-ab</subfield>
   </datafield>
   <datafield tag="049" ind1=" " ind2=" ">
      <subfield code="a">AEKC</subfield>
   </datafield>
   <datafield tag="055" ind1=" " ind2="3">
      <subfield code="a">LB 2846</subfield>
      <subfield code="b">L647 1993</subfield>
   </datafield>
   <datafield tag="090" ind1=" " ind2=" ">
      <subfield code="a">LB/2822.75/.L47/1993</subfield>
      <subfield code="b">GPRC</subfield>
   </datafield>
   <datafield tag="090" ind1=" " ind2="0">
      <subfield code="a">LB 2822.75 L647 1993</subfield>
      <subfield code="b">ARDC</subfield>
   </datafield>
   <datafield tag="090" ind1=" " ind2=" ">
      <subfield code="a">LB 2822.75 L647 1993</subfield>
      <subfield code="b">ACHCU</subfield>
   </datafield>
   <datafield tag="090" ind1=" " ind2=" ">
      <subfield code="a">LB 2822.75 L647 1993</subfield>
      <subfield code="b">AEKC</subfield>
   </datafield>
   <datafield tag="090" ind1=" " ind2=" ">
      <subfield code="a">LB 2846 L647 1993</subfield>
   </datafield>
   <datafield tag="090" ind1="0" ind2=" ">
      <subfield code="a">LB 2822.75 L64 1993</subfield>
      <subfield code="b">AEE</subfield>
   </datafield>
   <datafield tag="110" ind1="2" ind2=" ">
      <subfield code="a">Lethbridge School District No. 51.</subfield>
   </datafield>
   <datafield tag="240" ind1="0" ind2="0">
      <subfield code="a">A collaborative model for school and program evaluation /</subfield>
      <subfield code="c">Lethbridge School District No. 51.</subfield>
   </datafield>
   <datafield tag="245" ind1="1" ind2="2">
      <subfield code="a">A collaborative model for school and program evaluation /</subfield>
      <subfield code="c">Lethbridge School District No. 51.</subfield>
   </datafield>
   <datafield tag="260" ind1=" " ind2=" ">
      <subfield code="a">Edmonton, Alta. :</subfield>
      <subfield code="b">Alberta Education,</subfield>
      <subfield code="c">c1993.</subfield>
   </datafield>
   <datafield tag="300" ind1=" " ind2=" ">
      <subfield code="a">vii, 108 p. :</subfield>
      <subfield code="b">ill. ;</subfield>
      <subfield code="c">28 cm.</subfield>
   </datafield>
   <datafield tag="336" ind1=" " ind2=" ">
      <subfield code="a">text</subfield>
      <subfield code="b">txt</subfield>
      <subfield code="2">rdacontent</subfield>
   </datafield>
   <datafield tag="337" ind1=" " ind2=" ">
      <subfield code="a">unmediated</subfield>
      <subfield code="b">n</subfield>
      <subfield code="2">rdamedia</subfield>
   </datafield>
   <datafield tag="338" ind1=" " ind2=" ">
      <subfield code="a">volume</subfield>
      <subfield code="b">nc</subfield>
      <subfield code="2">rdacarrier</subfield>
   </datafield>
   <datafield tag="500" ind1=" " ind2=" ">
      <subfield code="a">"Under contract to Alberta Education".</subfield>
   </datafield>
   <datafield tag="500" ind1=" " ind2=" ">
      <subfield code="a">"Educational Quality Indicators: Collaboration in Action"--Cover.</subfield>
   </datafield>
   <datafield tag="596" ind1=" " ind2=" ">
      <subfield code="a">2 23 28 31 35 38</subfield>
   </datafield>
   <datafield tag="650" ind1=" " ind2="0">
      <subfield code="a">Educational indicators</subfield>
      <subfield code="z">Alberta.</subfield>
   </datafield>
   <datafield tag="650" ind1=" " ind2="0">
      <subfield code="a">Educational evaluation</subfield>
      <subfield code="z">Alberta.</subfield>
   </datafield>
   <datafield tag="650" ind1=" " ind2="0">
      <subfield code="a">Education</subfield>
      <subfield code="z">Alberta</subfield>
      <subfield code="x">Aims and objectives.</subfield>
   </datafield>
   <datafield tag="710" ind1="1" ind2=" ">
      <subfield code="a">Alberta.</subfield>
      <subfield code="b">Alberta Education.</subfield>
   </datafield>
   <datafield tag="710" ind1="1" ind2=" ">
      <subfield code="a">Alberta.</subfield>
      <subfield code="b">Educational Quality Indicators Initiative.</subfield>
   </datafield>
   <datafield tag="926" ind1=" " ind2=" ">
      <subfield code="a">AGL_CAP</subfield>
      <subfield code="b">ON_SHELF</subfield>
      <subfield code="c">LB 2822.75 L64 1993</subfield>
      <subfield code="d">BOOK</subfield>
      <subfield code="f">1</subfield>
   </datafield>
   <datafield tag="926" ind1=" " ind2=" ">
      <subfield code="a">AGL_CAP</subfield>
      <subfield code="b">ARCHIVES</subfield>
      <subfield code="c">LB 2822.75 L64 1993</subfield>
      <subfield code="d">NO_LOAN</subfield>
      <subfield code="f">2</subfield>
   </datafield>
   <datafield tag="926" ind1=" " ind2=" ">
      <subfield code="a">CUC</subfield>
      <subfield code="b">ON_SHELF</subfield>
      <subfield code="c">LB 2822.75 L647 1993</subfield>
      <subfield code="d">BOOK</subfield>
      <subfield code="f">1</subfield>
   </datafield>
   <datafield tag="926" ind1=" " ind2=" ">
      <subfield code="a">GPRC_GP</subfield>
      <subfield code="b">ON_SHELF</subfield>
      <subfield code="c">LB 2822.75 .L47 1993</subfield>
      <subfield code="d">BOOK</subfield>
      <subfield code="f">1</subfield>
   </datafield>
   <datafield tag="926" ind1=" " ind2=" ">
      <subfield code="a">KINGS</subfield>
      <subfield code="b">ON_SHELF</subfield>
      <subfield code="c">LB 2822.75 L647 1993</subfield>
      <subfield code="d">BOOK</subfield>
      <subfield code="f">1</subfield>
   </datafield>
   <datafield tag="926" ind1=" " ind2=" ">
      <subfield code="a">RED_DEER_C</subfield>
      <subfield code="b">FLOOR_2</subfield>
      <subfield code="c">LB 2822.75 L647 1993</subfield>
      <subfield code="d">BOOK</subfield>
      <subfield code="f">1</subfield>
   </datafield>
   <datafield tag="926" ind1=" " ind2=" ">
      <subfield code="a">UABARD</subfield>
      <subfield code="b">ON_SHELF</subfield>
      <subfield code="c">LB 2846 L647 1993</subfield>
      <subfield code="d">BOOK</subfield>
      <subfield code="f">1</subfield>
   </datafield>
</record>
